<record><leader>00000cas a2200000 a 4500</leader><controlfield tag="001">16656310</controlfield><controlfield tag="008">870909d18851903kyuwr ne      0    0eng d</controlfield><datafield ind1=" " ind2=" " tag="010"><subfield code="a">sn 87060289 </subfield></datafield><datafield ind1=" " ind2=" " tag="040"><subfield code="a">KNP</subfield><subfield code="b">eng</subfield><subfield code="c">KNP</subfield><subfield code="d">OCL</subfield><subfield code="d">OCLCQ</subfield></datafield><datafield ind1=" " ind2=" " tag="042"><subfield code="a">msc</subfield></datafield><datafield ind1="0" ind2="0" tag="245"><subfield code="a">Weekly Kentucky new era.</subfield></datafield><datafield ind1=" " ind2=" " tag="260"><subfield code="a">Hopkinsville, Christian County, Ky. :</subfield><subfield code="b">Hunter Wood,</subfield><subfield code="c">1885-1903.</subfield></datafield><datafield ind1=" " ind2=" " tag="300"><subfield code="a">v. :</subfield><subfield code="b">ill.</subfield></datafield><datafield ind1=" " ind2=" " tag="310"><subfield code="a">Weekly</subfield></datafield><datafield ind1="0" ind2=" " tag="362"><subfield code="a">Vol. 16, no. 13 (Sept. 25, 1885)-v. 34, no. 5 (Oct. 23, 1903).</subfield></datafield><datafield ind1=" " ind2="4" tag="651"><subfield code="a">Hopkinsville (Ky.)</subfield><subfield code="v">Newspapers.</subfield></datafield><datafield ind1=" " ind2="4" tag="651"><subfield code="a">Christian County (Ky.)</subfield><subfield code="v">Newspapers.</subfield></datafield><datafield ind1=" " ind2=" " tag="752"><subfield code="a">United States</subfield><subfield code="b">Kentucky</subfield><subfield code="c">Christian</subfield><subfield code="d">Hopkinsville.</subfield></datafield><datafield ind1="0" ind2=" " tag="775"><subfield code="t">Daily Kentucky new era</subfield><subfield code="w">(DLC)sn 85052218</subfield><subfield code="w">(OCoLC)12953540</subfield></datafield><datafield ind1="0" ind2=" " tag="775"><subfield code="t">Tri-weekly Kentucky new era</subfield><subfield code="w">(DLC)sn 88061113</subfield><subfield code="w">(OCoLC)17959584</subfield></datafield><datafield ind1="0" ind2="0" tag="780"><subfield code="t">Kentucky new era (Hopkinsville, Ky. : 1870)</subfield><subfield code="w">(DLC)sn 84037895</subfield><subfield code="w">(OCoLC)11120282</subfield></datafield><datafield ind1="0" ind2="0" tag="785"><subfield code="t">Weekly new era (Hopkinsville, Ky.)</subfield><subfield code="w">(DLC)sn 88061112</subfield><subfield code="w">(OCoLC)17958848</subfield></datafield><datafield ind1="1" ind2=" " tag="029"><subfield code="a">AU@</subfield><subfield code="b">000025836042</subfield></datafield></record>